
@article{HermidaJacobs97:IndCoindFib,
  title = {Structural {{Induction}} and {{Coinduction}} in a {{Fibrational Setting}}},
  volume = {145},
  doi = {10.1006/inco.1998.2725},
  journal = {Information and Computation},
  author = {Hermida, Claudio and Jacobs, Bart},
  year = {1997},
  pages = {107--152}
}

@book{hottbook,
  title = {Homotopy {{Type Theory}}: {{Univalent Foundations}} of {{Mathematics}}},
  publisher = {{Institute for Advanced Study}},
  url = {http://homotopytypetheory.org/book},
  author = {Univalent Foundations Program, The},
  year = {2013}
}

@article{Basold16:HIT-Prog,
  title = {Higher {{Inductive Types}} in {{Programming}}},
  volume = {David Turner's Festschrift -- Functional Programming:  Past, Present, and Future},
  journal = {J.UCS},
  url = {http://www.jucs.org/jucs_23_1/higher_inductive_types_in},
  author = {Basold, Henning and Geuvers, Herman and {van der Weide}, Niels},
  year = {2017},
  keywords = {own}
}

@article{Hermida14:LogicalRelationsParametricity,
  title = {Logical {{Relations}} and {{Parametricity}} - {{A Reynolds Programme}} for {{Category Theory}} and {{Programming Languages}}},
  volume = {303},
  doi = {10.1016/j.entcs.2014.02.008},
  journal = {ENTCS},
  author = {Hermida, Claudio and Reddy, Uday S. and Robinson, Edmund P.},
  year = {2014},
  keywords = {To Read},
  pages = {149-180}
}

@inproceedings{Altenkirch16:TTinTTusingQIT,
  title = {Type Theory in Type Theory Using Quotient Inductive Types},
  doi = {10.1145/2837614.2837638},
  booktitle = {Proc. of {{POPL}} 2016},
  publisher = {{ACM}},
  author = {Altenkirch, Thorsten and Kaposi, Ambrus},
  editor = {Bod\'\i{}k, Rastislav and Majumdar, Rupak},
  year = {2016},
  pages = {18-29}
}

@article{Kaposi19:QIIT,
  title = {Constructing Quotient Inductive-Inductive Types},
  volume = {3},
  number = {POPL},
  journal = {PACMPL},
  url = {https://dl.acm.org/citation.cfm?id=3290315},
  author = {Kaposi, Ambrus and Kov\'acs, Andr\'as and Altenkirch, Thorsten},
  year = {2019},
  pages = {2:1-2:24}
}


